@string{iros="Proc. of the IEEE/RSJ International Conference on Intelligent Robots and Systems"}
@string{icra="Proc. of the IEEE International Conference on Robotics and Automation"}
@string{icar="Proc. of the International Conference on Advanced Robotics"}
@string{ijrr="International Journal of Robotics Research"}
@string{tro="IEEE Transactions on Robotics"}
@string{auro="Autonomous Robots"}
@string{ram="IEEE Robotics and Automation Magazine"}
@string{jint="Journal of Intelligent \& Robotic Systems"}

@inproceedings{Krug14_1,
  author = {R. Krug and T. Stoyanov and M. Bonilla and V. Tincani and N. Vaskevicius and G. Fantoni and A. Birk and A. J. Lilienthal and A. Bicchi},
  title = {Velvet Fingers: Grasp Planning and Execution for an Underactuated Gripper with Active Surfaces},
  booktitle = icra,
  year = {2014},
  pages={3669--3675}
} 

@inproceedings{Bere07,
  author = "Berenson, D. and Diankov, R. and Nishiwaki, K. and Kagami, S. and Kuffner, J.",
  title = "Grasp Planning in Complex Scenes",
  booktitle = "Proc. IEEE/RAS International Conference on Humanoid Robots",
  year = "2007",
  pages={42--48}, 
}

@phdthesis{Dian10,
  author = {Diankov, R.},
  school = {Carnegie Mellon University, Robotics Institute},
  title = {Automated Construction of Robotic Manipulation Programs},
  year = {2010},
}
@article{Mill04,
  title={Graspit! a versatile simulator for robotic grasping},
  author={Miller, A. T. and Allen, P. K.},
  journal=ram,
  volume={11},
  number={4},
  pages={110--122},
  year={2004},
}

@article{Gold11,
  author = {Goldfeder, C. and Allen, P. K.},
  title = {Data-driven grasping},
  journal = auro,
  pages = {1--20},
  volume={31},
  number={1},
  year = {2011},
}

@book{Lava06,
  author       = {S. M. LaValle},
  title        = {Planning Algorithms},
  publisher    = {Cambridge University Press},
  year         = {2006}
}

@inproceedings{Ratl09,
  title={CHOMP: Gradient optimization techniques for efficient motion planning},
  author={Ratliff, Nathan and Zucker, Matthew and Bagnell, J Andrew and Srinivasa, Siddhartha},
  booktitle = icra,
  pages={489--494},
  year={2009},
}

@article{Srin10, 
  title={HERB: A Home Exploring Robotic Butler},
  author={Srinivasa, S. and Ferguson, D. and Helfrich, C. and Berenson, D. and Collet, A. and Diankov, R. and Gallagher, G. and Hollinger, G. and Kuffner, J. and VandeWeghe, M.},
  journal=auro,
  volume={28},
  number={1},
  pages={5--20},
  year={2010}
}

@article{Platt10,
  title={Null-space grasp control: theory and experiments},
  author={Platt, R. and Fagg, A. H. and Grupen, R. A.},
  journal=tro,
  volume={26},
  number={2},
  pages={282--295},
  year={2010}
}

@phdthesis{Platt06,
  title={Learning and generalizing control-based grasping and manipulation skills},
  author={Platt, R.},
  school = {University of Massachusetts Amherst},
  year={2006},
}

@article{Bala12, 
  author={Balasubramanian, R. and Ling Xu and Brook, P.D. and Smith, J.R. and Matsuoka, Y.}, 
  journal=tro,
  title={Physical Human Interactive Guidance: Identifying Grasping Principles From Human-Planned Grasps}, 
  year={2012}, 
  volume={28}, 
  number={4}, 
  pages={899--910}, 
}

@inproceedings{Tinc12, 
  author={Tincani, V. and Catalano, M. G. and Farnioli, E. and Garabini, M. and Grioli, G. and Fantoni, G. and Bicchi, A.}, 
  booktitle = iros,
  title={Velvet fingers: A dexterous gripper with active surfaces}, 
  year={2012}, 
  pages={1257--1263}, 
}

@article{Krug14_2,
  year={2014},
  journal=jint,
  title={Model Predictive Motion Control based on Generalized Dynamical Movement Primitives},
  author={Krug, Robert and Dimitrov, Dimitar},
  pages={1-19},
}

@inproceedings{Krug10,
  author = {Krug, R. and Dimitrov, D. N. and Charusta, K. and Iliev, B.},
  title = {On the Efficient Computation of Independent Contact Regions for Force Closure Grasps},
  booktitle = iros,
  year = {2010},
  pages = {586--591}
}

@article{Saar13a,
  title={3D normal distributions transform occupancy maps: an efficient representation for mapping in dynamic environments},
  author={Saarinen, Jari P and Andreasson, Henrik and Stoyanov, Todor and Lilienthal, Achim J},
  journal=ijrr,
  volume={32},
  number={14},
  pages={1627--1644},
  year={2013},
}

@article{Stoy12,
    AUTHOR = {Stoyanov, Todor and Magnusson, Martin and Lilienthal, Achim J.},
    TITLE = {Fast and Accurate Scan Registration through Minimization of the Distance between Compact 3D NDT Representations},
    JOURNAL = ijrr,
    VOLUME = {31},
    ISSUE = {12},
    PAGES = {1377--1393},
    YEAR = {2012},
} 
@inproceedings{Stoy13,
    AUTHOR={Stoyanov, Todor and Saarinen, Jari P. and Andreasson, Henrik and Lilienthal, Achim J.},
    TITLE={Normal Distributions Transform Occupancy Map Fusion: Simultaneous Mapping and Tracking in Large Scale Dynamic Environments},
    BOOKTITLE = iros,
    pages={4702--4708},
    year={2013},
}
@inproceedings{Saar13b,
    AUTHOR={Saarinen, Jari P. and Andreasson, Henrik and Stoyanov, Todor and Lilienthal, Achim J.},
    TITLE={ Normal Distributions Transform Monte-Carlo Localization (NDT-MCL) },
    BOOKTITLE = iros,
    pages={382--389},
    year={2013},
}

@Article{Mosb14,
    AUTHOR = {Mosberger, Rafael and Andreasson, Henrik and Lilienthal, Achim J.},
    TITLE = {A Customized Vision System for Tracking Humans Wearing Reflective Safety Clothing from Industrial Vehicles and Machinery},
    JOURNAL = {Sensors},
    VOLUME = {14},
    YEAR = {2014},
    NUMBER = {10},
    PAGES = {17952--17980},
 }
@incollection{Andr14,
    year={2014},
    booktitle={Field and Service Robotics},
    volume={92},
    series={Springer Tracts in Advanced Robotics},
    title={Gold-Fish SLAM: An Application of SLAM to Localize AGVs},
    publisher={Springer Berlin Heidelberg},
    author={Andreasson, Henrik and Bouguerra, Abdelbaki and {\AA}strand, Bj√∂rn and R{\"o}gnvaldsson, Thorsteinn},
    pages={585--598},
}

@inproceedings{Vale14,
    author={Valencia, R. and Saarinen, J. and Andreasson, H. and Vallve, J. and Andrade-Cetto, J. and Lilienthal, A.J.},
    booktitle=icra,
    title={Localization in highly dynamic environments using dual-timescale NDT-MCL},
    year={2014},
    month={May},
    pages={3956--3962},
}

@inproceedings{Ciri14,
    author =    {Cirillo, Marcello and Uras, Tansel and Koenig, Sven and Andreasson, Henrik and Pecora, Federico},
    title =     {Integrated Motion Planning and Coordination for Industrial Vehicles},
    booktitle = {Proc. of the International Conference on Automated Planning and Scheduling},
    year =      {2014}
}

@article{Pas13,
    title={Localizing Grasp Affordances in 3-D Points Clouds Using Taubin Quadric Fitting},
    author={Pas, Andreas ten and Platt, Robert},
    journal={arXiv preprint arXiv:1311.3192},
    year={2013}
}

@inproceedings{Sici91,
  title={A general framework for managing multiple tasks in highly redundant robotic systems},
  author={Siciliano, Bruno and Slotine, J-JE},
  booktitle=icar,
  pages={1211--1216},
  year={1991},
  organization={IEEE}
}

@article{Kano11,
  author={Kanoun, O. and Lamiraux, F. and Wieber, P.-B.},
  journal=tro,
  title={Kinematic Control of Redundant Manipulators: Generalizing the Task-Priority Framework to Inequality Task},
  year={2011},
  volume={27},
  number={4},
  pages={785--792},
}

@article{Esca14,
  title={Hierarchical quadratic programming: Fast online humanoid-robot motion generation},
  author={Escande, Adrien and Mansard, Nicolas and Wieber, Pierre-Brice},
  journal=ijrr,
  year={2014},
}

@book{Sams91,
  title={Robot control: the task function approach},
  author={Samson, Claude and Espiau, Bernard and Borgne, Michel Le},
  year={1991},
  publisher={Oxford University Press}
}

@article{Saab13,
  title={Dynamic whole-body motion generation under rigid contacts and other unilateral constraints},
  author={Saab, Layale and Ramos, Oscar E and Keith, Fran{\c{c}}ois and Mansard, Nicolas and Soueres, Philippe and Fourquet, J},
  journal=tro,
  volume={29},
  number={2},
  pages={346--362},
  year={2013},
}

@article{Khat04,
  title={Whole-body dynamic behavior and control of human-like robots},
  author={Khatib, Oussama and Sentis, Luis and Park, Jaeheung and Warren, James},
  journal=ijrr,
  volume={1},
  number={1},
  pages={29--43},
  year={2004},
}

@article{Sent10,
  title={Compliant control of multicontact and center-of-mass behaviors in humanoid robots},
  author={Sentis, Luis and Park, Jaeheung and Khatib, Oussama},
  journal=tro,
  volume={26},
  number={3},
  pages={483--501},
  year={2010},
}
@inproceedings{Andr15,
  title={Fast, Continuous State Path Smoothing to Improve Navigation Accuracy},
  author={Andreasson, H. and Saarinen, J. and Cirillo, M. and Stoyanov, T. and A. J. Lilienthal},
  year = {2015, to appear},
  booktitle=icra,
}

@inproceedings{Rusu11,
  author    = {Radu Bogdan Rusu and Steve Cousins},
  title     = {{3D is here: Point Cloud Library (PCL)}},
  booktitle = icra,
  pages     = {1--4},
  year      = {2011},
}

@misc{Guro15,
 author = "Gurobi Optimization, Inc.",
 title = "Gurobi Optimizer Reference Manual",
 year = 2015,
 url = "http://www.gurobi.com"
}

@inproceedings{Tass12,
  title={Synthesis and Stabilization of Complex Behaviors through Online Trajectory Optimization},
  author={Tassa, Yuval and Erez, Tom and Todorov, Emanuel},
  booktitle=iros,
  pages={4906--4913},
  year={2012}
}

@inproceedings{Kuma13,
  title={Fast, strong and compliant pneumatic actuation for dexterous tendon-driven hands},
  author={Kumar, Vikash and Xu, Zhe and Todorov, Emanuel},
  booktitle=icra,
  pages={1512--1519},
  year={2013},
}

@inproceedings{Eche08, 
  author={Echelmeyer, W. and Kirchheim, A. and Wellbrock, E.}, 
  booktitle={Proc. of the IEEE International Conference on Automation and Logistics},
  title={Robotics-logistics: Challenges for automation of logistic processes}, 
  year={2008}, 
  pages={2099--2103}, 
}

@article{Wurm08,
  title={Coordinating hundreds of cooperative, autonomous vehicles in warehouses},
  author={Wurman, Peter R and D'Andrea, Raffaello and Mountz, Mick},
  journal={AI magazine},
  volume={29},
  number={1},
  pages={9--20},
  year={2008}
}

@inproceedings{Gien06,
  title={Exploiting task intervals for whole body robot control},
  author={Gienger, Michael and Janben, H and Goerick, Christian},
  booktitle=iros,
  pages={2484--2490},
  year={2006},
}
